@misc{konspektas,
  author="Kristina Moroz-Lapin",
  title="Žmogaus ir kompiuterio sąveika",
  year="2006",
  url="http://uosis.mif.vu.lt/~moroz/priemone/hci.pdf"
}

@misc{skaidres-1,
  author="Dr. Kristina Lapin",
  title="Įvadas",
  year="2011",
  url="http://www.mif.vu.lt/hci/HCI/1%20ivadas.pdf"
}

@misc{skaidres-2,
  author="Dr. Kristina Lapin",
  title="Žmogaus fiziniai gebėjimai",
  volume="1",
  year="2011",
  url="http://www.mif.vu.lt/hci/HCI/2_fiziniai_gebejimai_1dalis.pdf"
}

@misc{skaidres-3,
  author="Dr. Kristina Lapin",
  title="Žmogaus fiziniai gebėjimai",
  volume="2",
  year="2011",
  url="http://www.mif.vu.lt/hci/HCI/3%20fiziniai%20gebejimai_2%20dalis.pdf"
}

@misc{skaidres-4,
  author="Dr. Kristina Lapin",
  title="Panaudojamumas",
  year="2011",
  url="http://www.mif.vu.lt/hci/HCI/4%20Panaudojamumas.pdf"
}
